@inproceedings{Wan:2000:FRP:349299.349331,
 author = {Wan, Zhanyong and Hudak, Paul},
 title = {Functional Reactive Programming from First Principles},
 booktitle = {Proceedings of the ACM SIGPLAN 2000 Conference on Programming Language Design and Implementation},
 series = {PLDI '00},
 year = {2000},
 isbn = {1-58113-199-2},
 location = {Vancouver, British Columbia, Canada},
 pages = {242--252},
 numpages = {11},
 url = {http://doi.acm.org/10.1145/349299.349331},
 doi = {10.1145/349299.349331},
 acmid = {349331},
 publisher = {ACM},
 address = {New York, NY, USA},
} 